<record><leader>00000cas a22000007a 4500</leader><controlfield tag="001">700471818</controlfield><controlfield tag="008">110204c20119999arudr n       0   a0eng  </controlfield><datafield ind1=" " ind2=" " tag="010"><subfield code="a">  2011204345</subfield></datafield><datafield ind1=" " ind2=" " tag="040"><subfield code="a">DLC</subfield><subfield code="b">eng</subfield><subfield code="c">DLC</subfield><subfield code="d">DLC</subfield><subfield code="d">OCLCF</subfield><subfield code="d">OCLCO</subfield></datafield><datafield ind1=" " ind2=" " tag="012"><subfield code="m">1</subfield></datafield><datafield ind1="0" ind2=" " tag="022"><subfield code="a">2159-7898</subfield><subfield code="2">1</subfield></datafield><datafield ind1=" " ind2=" " tag="032"><subfield code="a">050660</subfield><subfield code="b">USPS</subfield></datafield><datafield ind1=" " ind2=" " tag="037"><subfield code="b">The Saline Courier, 321 N. Market St., Benton, AR 72015</subfield></datafield><datafield ind1=" " ind2=" " tag="042"><subfield code="a">nsdp</subfield><subfield code="a">pcc</subfield></datafield><datafield ind1="1" ind2="0" tag="050"><subfield code="a">ISSN RECORD</subfield></datafield><datafield ind1="1" ind2="0" tag="082"><subfield code="a">070</subfield><subfield code="2">14</subfield></datafield><datafield ind1="0" ind2=" " tag="130"><subfield code="a">Saline courier (2011)</subfield></datafield><datafield ind1=" " ind2="4" tag="222"><subfield code="a">The Saline courier</subfield><subfield code="b">(2011)</subfield></datafield><datafield ind1="1" ind2="4" tag="245"><subfield code="a">The Saline courier.</subfield></datafield><datafield ind1=" " ind2=" " tag="260"><subfield code="a">Benton, AR :</subfield><subfield code="b">Horizon Publications</subfield></datafield><datafield ind1=" " ind2=" " tag="310"><subfield code="a">Daily (except Christmas Day and New Year's Day)</subfield></datafield><datafield ind1="1" ind2=" " tag="362"><subfield code="a">Began with vol. 134, no. 28 (Jan. 28, 2011).</subfield></datafield><datafield ind1=" " ind2=" " tag="588"><subfield code="a">Description based on vol. 134, no. 28 (Jan. 28, 2011) (surrogate); title from caption.</subfield></datafield><datafield ind1=" " ind2="0" tag="651"><subfield code="a">Benton (Ark.)</subfield><subfield code="v">Newspapers.</subfield></datafield><datafield ind1=" " ind2="7" tag="655"><subfield code="a">Newspapers.</subfield><subfield code="2">fast</subfield><subfield code="0">(OCoLC)fst01423814</subfield></datafield><datafield ind1=" " ind2="7" tag="651"><subfield code="a">Arkansas</subfield><subfield code="z">Benton.</subfield><subfield code="2">fast</subfield><subfield code="0">(OCoLC)fst01216323</subfield></datafield><datafield ind1=" " ind2=" " tag="752"><subfield code="a">United States</subfield><subfield code="b">Arkansas</subfield><subfield code="c">Saline</subfield><subfield code="d">Benton.</subfield></datafield><datafield ind1="0" ind2="0" tag="780"><subfield code="t">Benton courier (Benton, Ark. : 1971)</subfield><subfield code="x">1096-6331</subfield><subfield code="w">(DLC)sn 91050104</subfield><subfield code="w">(OCoLC)24125116</subfield></datafield><datafield ind1="4" ind2="2" tag="856"><subfield code="u">http://www.bentoncourier.com/index.php</subfield></datafield></record>